%% This BibTeX bibliography file was created using BibDesk.
%% http://bibdesk.sourceforge.net/

%% Created for Saurabh Swaroop at 2018-03-26 15:02:14 -0600 


%% Saved with string encoding Unicode (UTF-8) 



@webpage{ref:riot,
	Date-Added = {2018-03-26 21:02:04 +0000},
	Date-Modified = {2018-03-26 21:02:11 +0000},
	Url = {http://www.riot-os.org/}}

@webpage{ref:go,
	Date-Added = {2018-03-26 20:51:35 +0000},
	Date-Modified = {2018-03-26 20:51:43 +0000},
	Url = {https://golang.org/},
	Bdsk-Url-1 = {https://golang.org/}}

@webpage{ref:deeplens,
	Date-Added = {2018-03-26 20:31:23 +0000},
	Date-Modified = {2018-03-26 20:31:37 +0000},
	Url = {https://aws.amazon.com/deeplens/},
	Bdsk-Url-1 = {https://aws.amazon.com/deeplens/}}

@webpage{ref:fargate,
	Date-Added = {2018-03-26 20:22:51 +0000},
	Date-Modified = {2018-03-26 20:23:02 +0000},
	Url = {https://aws.amazon.com/fargate/},
	Bdsk-Url-1 = {https://aws.amazon.com/fargate/}}

@webpage{ref:lightshell,
	Date-Added = {2018-03-26 19:27:02 +0000},
	Date-Modified = {2018-03-26 19:27:15 +0000},
	Url = {https://aws.amazon.com/lightsail},
	Bdsk-Url-1 = {https://aws.amazon.com/lightsail}}
