%% This BibTeX bibliography file was created using BibDesk.
%% http://bibdesk.sourceforge.net/

%% Created for Saurabh Swaroop at 2018-03-26 12:30:39 -0600 


%% Saved with string encoding Unicode (UTF-8) 



@webpage{ref:sql,
	Date-Added = {2018-03-26 18:30:28 +0000},
	Date-Modified = {2018-03-26 18:30:36 +0000},
	Url = {https://www.dezyre.com/article/spark-sql-for-relational-big-data-processing/355}}

@webpage{ref:databricks,
	Date-Added = {2018-03-26 17:19:34 +0000},
	Date-Modified = {2018-03-26 17:20:00 +0000},
	Url = {https://databricks.com/product/getting-started-guide/streaming},
	Bdsk-Url-1 = {https://databricks.com/product/getting-started-guide/streaming}}

@webpage{ref:deepcore,
	Date-Added = {2018-03-25 23:58:04 +0000},
	Date-Modified = {2018-03-26 00:01:41 +0000},
	Url = {https://www.deepcoredata.com/introduction-apache-spark-examples/},
	Bdsk-Url-1 = {https://www.deepcoredata.com/introduction-apache-spark-examples/}}

@webpage{ref:IOT,
	Date-Added = {2018-03-25 23:56:31 +0000},
	Date-Modified = {2018-03-26 00:01:49 +0000},
	Url = {https://databricks.com/session/spark-streaming-and-iot},
	Bdsk-Url-1 = {https://databricks.com/session/spark-streaming-and-iot}}

@webpage{ref:graphx,
	Date-Added = {2018-03-25 23:55:30 +0000},
	Date-Modified = {2018-03-26 00:01:55 +0000},
	Url = {https://spark.apache.org/docs/latest/graphx-programming-guide.html},
	Bdsk-Url-1 = {https://spark.apache.org/docs/latest/graphx-programming-guide.html}}

@webpage{ref:topal,
	Date-Added = {2018-03-25 23:53:10 +0000},
	Date-Modified = {2018-03-26 00:02:08 +0000},
	Url = {https://www.toptal.com/spark/introduction-to-apache-spark},
	Bdsk-Url-1 = {https://www.toptal.com/spark/introduction-to-apache-spark}}

@webpage{ref:spark,
	Date-Added = {2018-03-25 23:48:22 +0000},
	Date-Modified = {2018-03-26 00:02:20 +0000},
	Url = {https://spark.apache.org},
	Bdsk-Url-1 = {https://spark.apache.org}}

@webpage{ref:feature,
	Date-Added = {2018-03-26 18:18:48 +0000},
	Date-Modified = {2018-03-26 18:18:56 +0000},
	Url = {https://www.collaberatact.com/apache-spark-hadoop-locking-horns/},
	Bdsk-Url-1 = {https://www.collaberatact.com/apache-spark-hadoop-locking-horns/}}
